% This file was created with JabRef 2.10.
% Encoding: UTF-8


@Article{Acton1996,
  Title                    = {Ancillary Data Services of NASA's Navigation and Ancillary Information Facility},
  Author                   = {Acton, C.H.},
  Journal                  = {Planetary and Space Science},
  Year                     = {1996},
  Pages                    = {65-70},
  Volume                   = {44},

  Owner                    = {kuiper},
  Timestamp                = {2012.08.19}
}

@Book{Allen1963,
  Title                    = {Astrophysical Quantities},
  Author                   = {C.W. Allen},
  Publisher                = {Athlone Press},
  Year                     = {1963},

  Owner                    = {kuiper},
  Timestamp                = {2020.02.13}
}

@Article{Allen1957,
  Title                    = {The Quiet and Active Sun},
  Author                   = {Allen, C.W.},
  Journal                  = {IAU Symposium},
  Year                     = {1957},
  Pages                    = {253-262},
  Volume                   = {4},

  Owner                    = {kuiper},
  Timestamp                = {2013.02.24}
}

@Book{Aschwanden2004,
  Title                    = {Physics of the Solar Corona. An Introduction},
  Author                   = {M.J. Aschwanden},
  Publisher                = {Praxis Publishing},
  Year                     = {2004},

  Owner                    = {kuiper},
  Timestamp                = {2020.02.13}
}

@Article{Baars1965,
  Title                    = {The Flux Density of the Strongest Thermal Radio Sources at the Frequency 14.5 GHz},
  Author                   = {J.W.M. Baars and P.G. Mezger and H. Wendker},
  Journal                  = {Zeitschrift f\"{u}r Astrophysik},
  Year                     = {1965},
  Pages                    = {134-143},
  Volume                   = {61},

  Owner                    = {kuiper},
  Timestamp                = {2012.07.28}
}

@Article{1965ApJ...142..122B,
  Title                    = {{The Spectra of the Strongest Non-Thermal Radio Sources in the Centimeter Wavelength Range.}},
  Author                   = {{Baars}, J.~W.~M. and {Mezger}, P.~G. and {Wendker}, H.},
  Journal                  = {\apj},
  Year                     = {1965},

  Month                    = jul,
  Pages                    = {122},
  Volume                   = {142},

  Adsnote                  = {Provided by the SAO/NASA Astrophysics Data System},
  Adsurl                   = {http://adsabs.harvard.edu/abs/1965ApJ...142..122B},
  Doi                      = {10.1086/148267}
}

@Article{Balick,
  Title                    = {The Structure of the {O}rion Nebula. {I}. {O}bservations of the {C}85$\alpha$ Recombination Line},
  Author                   = {B. Balick and R. H. Gammon and L. H. Doherty},
  Journal                  = {The Astrophysical Journal},
  Year                     = {1974},
  Pages                    = {45 -- 52},
  Volume                   = {188},

  Owner                    = {kuiper},
  Timestamp                = {2014.01.10}
}

@Article{2000ApJ...545.1058B,
  Title                    = {{A Search for Radio Emission from Extrasolar Planets}},
  Author                   = {{Bastian}, T.~S. and {Dulk}, G.~A. and {Leblanc}, Y.},
  Journal                  = {\apj},
  Year                     = {2000},

  Month                    = dec,
  Pages                    = {1058-1063},
  Volume                   = {545},

  Adsnote                  = {Provided by the NASA Astrophysics Data System},
  Adsurl                   = {http://adsabs.harvard.edu/cgi-bin/nph-bib_query?bibcode=2000ApJ...545.1058B&amp;db_key=AST},
  Owner                    = {kuiper},
  Timestamp                = {2014.03.31}
}

@Book{Fourier,
  Title                    = {The Fourier Transform and its Applications},
  Author                   = {R. Bracewell},
  Publisher                = {McGraw-Hill},
  Year                     = {1965},

  Owner                    = {kuiper},
  Timestamp                = {2014.01.10}
}

@Book{Burke,
  Title                    = {An Introduction to Radio Astronomy},
  Author                   = {B. F. Burke and F. Graham-Smith},
  Publisher                = {Cambridge University Press},
  Year                     = {1998},

  Address                  = {The Pitt Building, Trumpington Street, Cambridge CB2 1RP, United Kingdom},

  Owner                    = {kuiper},
  Timestamp                = {2014.01.10}
}

@Article{Butler95,
  Title                    = {The Polar Regions of Mars: 3.5-cm Radar Images},
  Author                   = {{Butler}, B. J. and D. O. Muhleman and M. A. Slade},
  Journal                  = {Icarus},
  Year                     = {1995},
  Pages                    = {679-706},
  Volume                   = {114},

  Comment                  = {The following are optional},
  Owner                    = {kuiper},
  Timestamp                = {2014.01.10}
}

@Article{Bryan93,
  Title                    = {Mercury: Full Disk Radar Images and the Detection and Stability of Ice at the North Pole},
  Author                   = {{Butler}, Bryan J. and {Muhleman}, Duane O. and {Slade}, M. A.},
  Journal                  = {J. Geophys. Res.},
  Year                     = {1993},
  Pages                    = {15003-15023},
  Volume                   = {98},

  Comment                  = {The following are optional},
  Owner                    = {kuiper},
  Timestamp                = {2012.07.28}
}

@Article{Butler2001,
  Title                    = {Accurate and Consistent Microwave Observations of Venus and their Implications},
  Author                   = {Bryan J. Butler and Paul G. Steffes and Shady H. Suleiman and Marc A. Kolodner and Jon. M Jenkins},
  Journal                  = {Icarus},
  Year                     = {2001},
  Pages                    = {226},
  Volume                   = {154},

  Owner                    = {kuiper},
  Timestamp                = {2012.07.28}
}

@Article{Cambresy,
  Title                    = {Mapping of the Extinction in Giant Molecular Clouds Using Optical Star Counts},
  Author                   = {L. Cambr{\'e}sy},
  Journal                  = {Astronomy and Astrophysics},
  Year                     = {1999},
  Pages                    = {965 -- 976},
  Volume                   = {345},

  Owner                    = {kuiper},
  Timestamp                = {2014.01.10}
}

@Article{Guelin,
  Title                    = {Discovery of the $\mathrm{C}_8 \mathrm{H}$},
  Author                   = {J. Cernicharo and M. Guelin},
  Journal                  = {Astronomy and Astrophysics},
  Year                     = {1996},
  Pages                    = {L27 -- L30},
  Volume                   = {309},

  Owner                    = {kuiper},
  Timestamp                = {2014.01.10}
}

@Article{Churchwell1973,
  Title                    = {Observations of optical nebulae at 2695 MHz.},
  Author                   = {Churchwell, E. and Walmsley, C.~M.},
  Journal                  = {Astr. \& Astroph.},
  Year                     = {1973},

  Month                    = feb,
  Pages                    = {117-124},
  Volume                   = {23},

  Adsnote                  = {Provided by the SAO/NASA Astrophysics Data System},
  Adsurl                   = {http://adsabs.harvard.edu/abs/1973A%26A....23..117C},
  Keywords                 = {Interstellar Matter:Radio Radiation},
  Owner                    = {kuiper},
  Timestamp                = {2014.03.31}
}

@Book{Condon2006,
  Title                    = {Essential Radio Astronomy},
  Author                   = {J. J. Condon and S. M. Ransom},
  Publisher                = {NRAO},
  Year                     = {2006},

  Owner                    = {kuiper},
  Timestamp                = {2008.08.16},
  Url                      = {http://www.cv.nrao.edu/course/astr534/}
}

@InProceedings{2019AAS...23311004C,
  Title                    = {{Radio and X-ray Monitoring of the Recently Reactivated Magnetar PSR J1622-4950}},
  Author                   = {{Cook}, Amanda and {Amsellem}, Ariel and {Pearlman}, Aaron B. and
 {Arzoumanian}, Zaven and {Enoto}, Teruaki and {Gendreau}, Keith C. and
 {Horiuchi}, Shinji and {Kocz}, Jonathon and {Kuiper}, Thomas and
 {Majid}, Walid and {Naudet}, Charles J. and {Prince}, Thomas},
  Booktitle                = {American Astronomical Society Meeting Abstracts \#233},
  Year                     = {2019},
  Month                    = {Jan},
  Pages                    = {110.04},
  Series                   = {American Astronomical Society Meeting Abstracts},
  Volume                   = {233},

  Adsnote                  = {Provided by the SAO/NASA Astrophysics Data System},
  Adsurl                   = {https://ui.adsabs.harvard.edu/abs/2019AAS...23311004C},
  Eid                      = {110.04},
  Owner                    = {kuiper},
  Timestamp                = {2019.05.14}
}

@Article{Dent1965,
  Title                    = {Measurements of Mars at $\lambda$ 3.75 cm from February to June, 1965.},
  Author                   = {Dent, W. A. and Klein, M. J. and Aller, H. D.},
  Journal                  = {Astroph. J.},
  Year                     = {1965},
  Pages                    = {1685},
  Volume                   = {142},

  Owner                    = {kuiper},
  Timestamp                = {2012.08.18}
}

@Article{Downey2011,
  Title                    = {XEphem: Interactive Astronomical Ephemeris},
  Author                   = {Downey, E.C.},
  Journal                  = {Astrophysics Source Code Library},
  Year                     = {2011},

  Month                    = {Dec},
  Pages                    = {12013},

  Owner                    = {kuiper},
  Timestamp                = {2012.08.19}
}

@Article{Ekelman1999,
  Title                    = {Radio star flux density expressions for accurate antenna gain measurements},
  Author                   = {Ekelman, E.P.},
  Journal                  = {IEEE Antennas and Propagation Symposium},
  Year                     = {1999},
  Pages                    = {1048 - 1051},
  Volume                   = {2},

  Owner                    = {kuiper},
  Timestamp                = {2012.08.18}
}

@Article{farrell:14025,
  Title                    = {On the possibility of coherent cyclotron emission from extrasolar planets},
  Author                   = {W. M. Farrell and M. D. Desch and P. Zarka},
  Journal                  = {Journal of Geophysical Research},
  Year                     = {1999},
  Volume                   = {104},

  Issue                    = {E6},
  Keywords                 = {extrasolar planets; planetary magnetism; stellar winds; stellar atmospheres; magnetosphere; numerical analysis},
  Owner                    = {kuiper},
  Page                     = {14025-14032},
  Publisher                = {AGU},
  Timestamp                = {2014.03.31},
  Url                      = {http://link.aip.org/link/?JGA/104/14025/1}
}

@Article{Floss,
  Title                    = {Carbon and Nitrogen Isotopic Anomalies in an Anhydrous Interplanetary Dust Particle},
  Author                   = {C. Floss and F. J. Stadermann and J. Bradley and Z. R. Dai and S. Bajt and G. Graham},
  Journal                  = {Science},
  Year                     = {2004},
  Number                   = {5662},
  Pages                    = {1355 -- 1358},
  Volume                   = {303},

  Owner                    = {kuiper},
  Timestamp                = {2014.01.10}
}

@InProceedings{Garwood2000,
  Title                    = {SDFITS: A Standard for Storage and Interchange of Single Dish Data},
  Author                   = {R. W. Garwood},
  Booktitle                = {Astronomical Data Analysis Software and Systems IX},
  Year                     = {2000},
  Editor                   = {N. Manset and C. Veillet and D. Crabtree},
  Organization             = {Astronomical Society of the Pacific},
  Pages                    = {243246},
  Publisher                = {ASP},
  Series                   = {ASP Conference Series},
  Volume                   = {216},

  Owner                    = {kuiper},
  Timestamp                = {2017.10.10}
}

@Article{Goldsmith2002,
  Title                    = {Radio Telescopes and measurements at Radio Wavelengths},
  Author                   = {Goldsmith, P},
  Journal                  = {ASP Conference Series},
  Year                     = {2002},
  Pages                    = {45-79},
  Volume                   = {278},

  Owner                    = {kuiper},
  Timestamp                = {2012.08.08}
}

@Article{Goldsmith1987,
  Title                    = {Radiation patterns of circular apertures with Gaussian illumination},
  Author                   = {Goldsmith, P.},
  Journal                  = {Int Journal of Infrared and Millimeter Waves},
  Year                     = {1987},
  Pages                    = {771},
  Volume                   = {8},

  Owner                    = {kuiper},
  Timestamp                = {2012.08.08}
}

@InCollection{Gordon1974,
  Title                    = {H II regions and radio recombination lines},
  Author                   = {M.A. Gordon},
  Booktitle                = {Galactic and Extragalactic Radio Astronomy},
  Publisher                = {Springer-Verlag},
  Year                     = {1974},
  Editor                   = {G.L. Verschuur and K.I. Kellermann},

  Owner                    = {kuiper},
  Timestamp                = {2008.07.21}
}

@Book{Gordon,
  Title                    = {Radio Recombination Lines},
  Author                   = {M. A. Gordon and R. L. Sorochenko},
  Publisher                = {Kluwer Academic Publishers},
  Year                     = {2002},

  Address                  = {P.O.~Box.~322, 3300, AH Dordrecht, The Netherlands},
  Series                   = {Astrophysics and Space Science Library},

  Owner                    = {kuiper},
  Timestamp                = {2014.01.10}
}

@Book{Gordy,
  Title                    = {Microwave Spectroscopy},
  Author                   = {W. Gordy and W. V. Smith and R. F. Trambarulo},
  Publisher                = {John Wiley \& sons, Inc.},
  Year                     = {1953},

  Owner                    = {kuiper},
  Timestamp                = {2014.01.10}
}

@Article{Greenhill2003,
  Title                    = {The Discovery of H$_{2}$O Maser Emission in Seven Active Galactic Nuclei and at High Velocities in the Circinus Galaxy},
  Author                   = {Greenhill, L.~J. and Kondratko, P.~T. and Lovell, J.~E.~J. and Kuiper, T.~B.~H. and Moran, J.~M. and Jauncey, D.~L. and Baines, G.~P.},
  Journal                  = {Astroph. J.},
  Year                     = {2003},
  Pages                    = {11},
  Volume                   = {582},

  Owner                    = {kuiper},
  Timestamp                = {2019.03.28}
}

@Article{Greisen1981,
  Title                    = {Extension of {FITS} for Groups of Small Arrays of Data},
  Author                   = {E. W. Greisen and R. H.Harten},
  Journal                  = {Astron. Astroph. Suppl. Series},
  Year                     = {1981},
  Pages                    = {371-374},
  Volume                   = {44},

  Owner                    = {kuiper},
  Timestamp                = {2009.04.14}
}

@Article{Griessmeier2011,
  Title                    = {Observation of planetary radio emissions using large arrays},
  Author                   = {Griessmeier, J.-M. and Zarka, P. and Girard, J.N.},
  Journal                  = {Radio Science},
  Year                     = {2011},
  Pages                    = {4752},
  Volume                   = {46},

  Owner                    = {kuiper},
  Timestamp                = {2012.10.24}
}

@Article{Gurnett1991,
  Title                    = {Lightning and plasma wave observations from the Galileo flyby of Venus},
  Author                   = {Gurnett, D.A. and Kurth, W.S. and Roux, A. et al.},
  Journal                  = {Science},
  Year                     = {1991},
  Pages                    = {1522–1525},
  Volume                   = {253},

  Owner                    = {kuiper},
  Timestamp                = {2012.10.24}
}

@Article{Gurnett2001,
  Title                    = {Non-detection at Venus of high-frequency radio signals characteristic of terrestrial lightning},
  Author                   = {Gurnett, D.A. and Zarka, P. and Manning, R. and et al.},
  Journal                  = {Nature},
  Year                     = {2001},
  Pages                    = {313-315},
  Volume                   = {409},

  Owner                    = {kuiper},
  Timestamp                = {2012.10.24}
}

@Article{Hara,
  Title                    = {A Study of Dense Cloud Cores and Star Formation in {L}upus: {C}$^{18} \mathrm{O}\,$ {J}$=1-0$ Observations with {N}{A}{N}{T}{E}{N}},
  Author                   = {A. Hara and K. Tachihara and A. Mizuno and T. Onishi and A. Kawamura and A. Obayashi and Y. Fukui},
  Journal                  = {Publications of the Astronomical Society of Japan},
  Year                     = {1999},
  Pages                    = {895 -- 910},
  Volume                   = {51},

  Owner                    = {kuiper},
  Timestamp                = {2014.01.10}
}

@Article{Harmon94,
  Title                    = {Radar mapping of {Mercury's} polar anomalies},
  Author                   = {{Harmon}, J. K. and {Slade}, M. A. and {V\'{e}lez}, R. A. and {Crespo}, A. and {Dryer}, M. J. and {Johnson}, J. M.},
  Journal                  = {Nature},
  Year                     = {1994},
  Pages                    = {213-215},
  Volume                   = {369},

  Comment                  = {The following are optional},
  Owner                    = {kuiper},
  Timestamp                = {2012.07.28}
}

@Article{Harten1988,
  Title                    = {The {FITS} Tables Extension},
  Author                   = {R. H. Harten and P. Grosb{\o}l and E. W. Greisen and D. C. Wells},
  Journal                  = {Astron. Astroph. Suppl. Ser.},
  Year                     = {1988},
  Pages                    = {365-372},
  Volume                   = {73},

  Owner                    = {kuiper},
  Timestamp                = {2009.04.15}
}

@Book{Harwit1981,
  Title                    = {Cosmic Discovery},
  Author                   = {Martin Harwit},
  Publisher                = {MIT Press},
  Year                     = {1981},

  Owner                    = {kuiper},
  Timestamp                = {2014.03.31}
}

@Article{Hickish:2016,
  Title                    = {{A Decade of Developing Radio-Astronomy Instrumentation using CASPER Open-Source Technology}},
  Author                   = {{Hickish}, Jack and {Abdurashidova}, Zuhra and {Ali}, Zaki and
 {Buch}, Kaushal D. and {Chaudhari}, Sandeep C. and {Chen}, Hong and
 {Dexter}, Matthew and {Domagalski}, Rachel Simone and {Ford}, John and
 {Foster}, Griffin and {George}, David and {Greenberg}, Joe and
 {Greenhill}, Lincoln and {Isaacson}, Adam and {Jiang}, Homin and
 {Jones}, Glenn and {Kapp}, Francois and {Kriel}, Henno and
 {Lacasse}, Rich and {Lutomirski}, Andrew and {MacMahon}, David and
 {Manley}, Jason and {Martens}, Andrew and {McCullough}, Randy and
 {Muley}, Mekhala V. and {New}, Wesley and {Parsons}, Aaron and
 {Price}, Daniel C. and {Primiani}, Rurik A. and {Ray}, Jason and
 {Siemion}, Andrew and {van Tonder}, Verees{\'e} and
 {Vertatschitsch}, Laura and {Wagner}, Mark and {Weintroub}, Jonathan and
 {Werthimer}, Dan},
  Journal                  = {Journal of Astronomical Instrumentation},
  Year                     = {2016},

  Month                    = {Dec},
  Number                   = {4},
  Pages                    = {1641001-12},
  Volume                   = {5},

  Adsnote                  = {Provided by the SAO/NASA Astrophysics Data System},
  Adsurl                   = {https://ui.adsabs.harvard.edu/abs/2016JAI.....541001H},
  Archiveprefix            = {arXiv},
  Doi                      = {10.1142/S2251171716410014},
  Eid                      = {1641001-12},
  Eprint                   = {1611.01826},
  Keywords                 = {CASPER, digital signal processing, radio-astronomy, instrumentation, Astrophysics - Instrumentation and Methods for Astrophysics},
  Primaryclass             = {astro-ph.IM}
}

@InProceedings{2018cosp...42E1488H,
  Title                    = {{Monitoring Jovian synchrotron emission with the NASA Deep Space Network}},
  Author                   = {{Horiuchi}, Shinji and {Levin}, Steven and {Bolton}, Scott and
 {Jauncey}, David and {Kuiper}, Thomas and {Garcia-Miro}, Cristina and
 {Ries}, Paul},
  Booktitle                = {42nd COSPAR Scientific Assembly},
  Year                     = {2018},
  Month                    = {Jul},
  Pages                    = {B5.1-22-18},
  Volume                   = {42},

  Adsnote                  = {Provided by the SAO/NASA Astrophysics Data System},
  Adsurl                   = {https://ui.adsabs.harvard.edu/abs/2018cosp...42E1488H},
  Eid                      = {B5.1-22-18},
  Owner                    = {kuiper},
  Timestamp                = {2019.05.14}
}

@InProceedings{IAU1974,
  Title                    = {Convention on Polarization},
  Author                   = {IAU},
  Booktitle                = {Proc. IAU General Assembly 15},
  Year                     = {1974},

  Address                  = {Dordrecht},
  Organization             = {IAU},
  Pages                    = {166},
  Publisher                = {Reidel},

  Owner                    = {kuiper},
  Timestamp                = {2011.06.14}
}

@Article{IEEE1969,
  Title                    = {Standard Definitions of Terms for RADIO WAVE PROPAGATION},
  Author                   = {IEEE},
  Journal                  = {IEEE Transactions on Antennas and Propagation},
  Year                     = {1969},
  Pages                    = {270-275},
  Volume                   = {AP-17},

  Owner                    = {kuiper},
  Timestamp                = {2011.06.14}
}

@Book{Imbriale2003,
  Title                    = {Large Antennas of the Deep Space Network},
  Author                   = {William A. Imbriale},
  Publisher                = {John Wiley \& Sons, Inc.},
  Year                     = {2003},

  Owner                    = {kuiper},
  Timestamp                = {2019.03.12}
}

@InBook{Jaffer2011,
  Title                    = {Adaptive Filtering Applications},
  Author                   = {Jaffer, Ghulam and Eichelberger, Hans U. and Schwingenschuh, Konrad and Koudelka, Otto},
  Chapter                  = {10. A LEO Nano-Satellite Mission for the Detection of Lightning VHF Spherics},
  Editor                   = {Garcia, Lino},
  Pages                    = {213-238},
  Publisher                = {InTech},
  Year                     = {2011},

  Owner                    = {kuiper},
  Timestamp                = {2012.10.24}
}

@Article{Jensen2018,
  Title                    = {Plasma Interactions with the Space Environment in the Acceleration Region: Indications of CME-trailind Reconnection Regions},
  Author                   = {Jensen, E.A. and Heiles, C. and Wexler, D. and Kepley, A.A. and Kuiper, T. and Bisi, M.M. and Lorin, D.D and Kuiper, E.V. and Vilas, F.},
  Journal                  = {Astroph. J.},
  Year                     = {2018},
  Pages                    = {118-129},
  Volume                   = {861},

  Owner                    = {kuiper},
  Timestamp                = {2019.03.10}
}

@Article{Kaifu,
  Title                    = {A 8.8 -- 50 {G}{H}z Complete Spectral Line Survey toward {T}{M}{C}-1 I. Survey Data},
  Author                   = {N. Kaifu and M. Ohishi and K. Kawaguchi and S. Saito and S. Yamamoto and T. Miyaji and K. Miyazawa and S. Ishikawa and C. Noumaru and S. Harasawa and M. Okuda and H. Suzuki},
  Journal                  = {Publications of the Astronomical Society of Japan},
  Year                     = {2004},

  Month                    = {February},
  Pages                    = {69 -- 174},
  Volume                   = {56},

  Owner                    = {kuiper},
  Timestamp                = {2014.01.10}
}

@Article{Klein1970,
  Title                    = {Mercury: Recent observations at 3.75 cm wavelength - summary},
  Author                   = {Klein, M.J.},
  Journal                  = {Radio Science},
  Year                     = {1970},
  Pages                    = {397-400},
  Volume                   = {5},

  Owner                    = {kuiper},
  Timestamp                = {2012.08.19}
}

@Book{Kraus,
  Title                    = {Radio Astronomy},
  Author                   = {J. D. Kraus},
  Publisher                = {Cygnus-Quasar Books},
  Year                     = {1986},

  Address                  = {P.O.~Box.~85, Powell, Ohio 43065, USA},
  Edition                  = {2},

  Owner                    = {kuiper},
  Timestamp                = {2014.01.10}
}

@Article{Kuan,
  Title                    = {Interstellar Glycine},
  Author                   = {Y.-J. Kuan and S. B. Charnley and H.-C. Huang and W.-L. Tseng and Z. Kisiel},
  Journal                  = {The Astrophysical Journal},
  Year                     = {2003},

  Month                    = {August},
  Pages                    = {848 -- 867},
  Volume                   = {593},

  Owner                    = {kuiper},
  Timestamp                = {2014.01.10}
}

@InProceedings{2017reph.conf20206K,
  Title                    = {{A Wire Grid Paraboloid for Large Low Frequency Telescopes}},
  Author                   = {{Kuiper}, Tom},
  Booktitle                = {Radio Exploration of Planetary Habitability (AASTCS5)},
  Year                     = {2017},
  Month                    = {May},
  Pages                    = {202.06},
  Volume                   = {49},

  Adsnote                  = {Provided by the SAO/NASA Astrophysics Data System},
  Adsurl                   = {https://ui.adsabs.harvard.edu/abs/2017reph.conf20206K},
  Eid                      = {202.06},
  Owner                    = {kuiper},
  Timestamp                = {2019.05.14}
}

@TechReport{Kuiper89,
  Title                    = {Lunar low frequency imaging array},
  Author                   = {Thomas Kuiper and Dayton Jones and Michael Mahoney and Robert Preston},
  Institution              = {Jet Propulsion Laboratory},
  Year                     = {1989},

  Address                  = {Pasadena, CA},
  Month                    = {November},
  Number                   = {JPL D-6703, Rev. A, Vol. 2, Sec. 5C},

  Comment                  = {The following are optional},
  Owner                    = {kuiper},
  Timestamp                = {2014.03.31}
}

@Article{Kuiper1973,
  Title                    = {Detailed Correlation of Type {\small III} Bursts with H$\alpha$ Activity},
  Author                   = {Kuiper, T.B.H. and Pasachoff, J.M.},
  Journal                  = {Solar Physics},
  Year                     = {1973},
  Pages                    = {187-196},
  Volume                   = {28},

  Owner                    = {kuiper},
  Timestamp                = {2019.03.10}
}

@Article{Kuiper2017,
  Title                    = {SDFITS Convention for DSN Radio Astronomy},
  Author                   = {Kuiper, T. B. H.},
  Journal                  = {Journal of Astronomical Instrumentation},
  Year                     = {2017},
  Volume                   = {in preparation},

  Owner                    = {kuiper},
  Timestamp                = {2016.12.13}
}

@InCollection{Kuiper98a,
  Title                    = {Overview of the DSN R\&D Control System},
  Author                   = {Kuiper, T. B. H.},
  Booktitle                = {The Telecommunications and Data Acquisition Progress Report},
  Publisher                = {Jet Propulsion Laboratory},
  Year                     = {1998},

  Address                  = {Pasadena, California},
  Month                    = {September},
  Pages                    = {1-8},
  Volume                   = {tbd},

  Owner                    = {kuiper},
  Timestamp                = {2014.03.31}
}

@InCollection{Kuiper98b,
  Title                    = {The Radio Astronomy Controller},
  Author                   = {Kuiper, T. B. H.},
  Booktitle                = {The Telecommunications and Data Acquisition Progress Report},
  Publisher                = {Jet Propulsion Laboratory},
  Year                     = {1998},

  Address                  = {Pasadena, California},
  Month                    = {September},
  Pages                    = {1-6},
  Volume                   = {tbd},

  Owner                    = {kuiper},
  Timestamp                = {2014.03.31}
}

@InCollection{Kuiper98c,
  Title                    = {RDC Software Configuration Management},
  Author                   = {Kuiper, T. B. H.},
  Booktitle                = {The Telecommunications and Data Acquisition Progress Report},
  Publisher                = {Jet Propulsion Laboratory},
  Year                     = {1998},

  Address                  = {Pasadena, California},
  Month                    = {September},
  Pages                    = {1-6},
  Volume                   = {tbd},

  Owner                    = {kuiper},
  Timestamp                = {2014.03.31}
}

@Article{Kuiper1975,
  Title                    = {Radio observations of IC 434},
  Author                   = {Kuiper, T.~B.~H.},
  Journal                  = {Astr. \& Astroph.},
  Year                     = {1975},

  Month                    = sep,
  Pages                    = {323-327},
  Volume                   = {42},

  Adsnote                  = {Provided by the SAO/NASA Astrophysics Data System},
  Adsurl                   = {http://adsabs.harvard.edu/abs/1975A%26A....42..323K},
  Keywords                 = {HYDROGEN CLOUDS, MICROWAVE EMISSION, NEBULAE, RADIO SPECTRA, CONTINUOUS SPECTRA, ELECTRON ENERGY, H LINES, RADIO ASTRONOMY},
  Owner                    = {kuiper},
  Timestamp                = {2014.03.31}
}

@InProceedings{Kuiper90,
  Title                    = {A simple low-cost array on the lunar near-side for the early lunar expeditions},
  Author                   = {T. B. H. Kuiper and D. L. Jones and M. J. Mahoney and R. L. Preston},
  Booktitle                = {Low Frequency Astrophysics from Space},
  Year                     = {1990},

  Address                  = {Berlin},
  Editor                   = {Namir E. Kassim and Kurt W. Weiler},
  Month                    = {January},
  Number                   = {362},
  Organization             = {Naval Research Laboratory},
  Pages                    = {46-51},
  Publisher                = {Springer-Verlag},
  Series                   = {Lecture Notes in Physics},

  Comment                  = {The following are optional},
  Owner                    = {kuiper},
  Timestamp                = {2014.03.31}
}

@InProceedings{Kuiper90a,
  Title                    = {Lunar Low-Frequency Radio Array},
  Author                   = {T. B. H. Kuiper and D. L. Jones and M. J. Mahoney and R. L. Preston},
  Booktitle                = {Astrophysics from the moon},
  Year                     = {1990},

  Address                  = {New York},
  Editor                   = {Michael J. Mumma and Harlan J. Smith},
  Month                    = {February},
  Number                   = {207},
  Organization             = {NASA Goddard Space Flight Center},
  Pages                    = {522-527},
  Publisher                = {American Institute of Physics},
  Series                   = {AIP conference proceedings},

  Comment                  = {The following are optional},
  Owner                    = {kuiper},
  Timestamp                = {2014.03.31}
}

@Article{Kuiper96,
  Title                    = {Evolutionary Status of the Pre-protostellar Core L1498},
  Author                   = {{Kuiper}, T. B. H. and {Langer}, W. D. and {Velusamy}, T.},
  Journal                  = {\apj},
  Year                     = {1996},

  Month                    = sep,
  Pages                    = {761+},
  Volume                   = {468},

  Owner                    = {kuiper},
  Timestamp                = {2014.01.10}
}

@InProceedings{Kuiper1998,
  Title                    = {Reliable customized control software in an R\&D environment},
  Author                   = {Kuiper, T. B H. and Leflang, J. G. and Trinh, Thang},
  Booktitle                = {Telescope Control Systems III},
  Year                     = {1998},
  Editor                   = {Lewis, H.},
  Month                    = {May},
  Pages                    = {254-264},
  Publisher                = {SPIE},
  Series                   = {Society of Photo-Optical Instrumentation Engineers (SPIE) Conference Series},
  Volume                   = {3351},

  Owner                    = {kuiper},
  Timestamp                = {2014.03.31}
}

@Article{Kundu1968,
  Title                    = {Lunar Occultation of a Solar Active Region at 4 cm Wavelength},
  Author                   = {M.R. Kundu and T. Velusamy},
  Journal                  = {Nature},
  Year                     = {1968},
  Pages                    = {1132-1133},
  Volume                   = {217},

  Owner                    = {kuiper},
  Timestamp                = {2018.08.04}
}

@Book{Kundu1965,
  Title                    = {Solar Radio Astronomy},
  Author                   = {Mukul R. Kundu},
  Publisher                = {Interscience},
  Year                     = {1965},

  Owner                    = {kuiper},
  Timestamp                = {2020.02.11}
}

@Article{LVK95,
  Title                    = {Fragments in dark cloud pre-protostellar cores.},
  Author                   = {{Langer}, W. D. and {Velusamy}, T. and {Kuiper}, T. B. H.},
  Journal                  = {\apss},
  Year                     = {1995},
  Pages                    = {171+},
  Volume                   = {223},

  Owner                    = {kuiper},
  Timestamp                = {2014.01.10}
}

@Article{Langer95,
  Title                    = {Study of Structure and Small-Scale Fragmentation in TMC-1},
  Author                   = {{Langer}, W. D. and {Velusamy}, T. and {Kuiper}, T. B. H. and {Levin}, S. and {Olsen}, E. and {Migenes}, V.},
  Journal                  = {\apj},
  Year                     = {1995},

  Month                    = nov,
  Pages                    = {293+},
  Volume                   = {453},

  Owner                    = {kuiper},
  Timestamp                = {2014.01.10}
}

@Article{Langer97,
  Title                    = {First Astronomical Detection of the Cumulene Carbon Chain Molecule H2C6 in TMC-1},
  Author                   = {{Langer}, W. D. and {Velusamy}, T. and {Kuiper}, T. B. H. and {Peng}, R. and {McCarthy}, M. C. and {Travers}, M. J. and {Kovacs}, A. and {Gottlieb}, C. A. and {Thaddeus}, P.},
  Journal                  = {\apjl},
  Year                     = {1997},

  Month                    = may,
  Pages                    = {L63-+},
  Volume                   = {480},

  Owner                    = {kuiper},
  Timestamp                = {2014.01.10}
}

@Book{Laplace,
  Title                    = {Exposition du syst\'{e}me du monde},
  Author                   = {Laplace, P. S. d.},
  Year                     = {1796},

  Address                  = {Paris},

  Comment                  = {EDITOR may replace AUTHOR},
  Owner                    = {kuiper},
  Timestamp                = {2014.01.10}
}

@Article{Lee,
  Title                    = {A Spectral Survey from 138.3 to 150.7 {G}{H}z Toward {O}rion-{K}{L}},
  Author                   = {C. W. Lee and S.-H. Cho and S.-M. Lee},
  Journal                  = {The Astrophysical Journal},
  Year                     = {2001},

  Month                    = {April},
  Pages                    = {333 -- 346},
  Volume                   = {551},

  Owner                    = {kuiper},
  Timestamp                = {2014.01.10}
}

@InProceedings{Levin1995,
  Title                    = {The NASA HRMS Sky Survey X-Band Observations: A Progress Report},
  Author                   = {S. Levin and E.T. Olsen and C. Backus and G. Gulkis},
  Booktitle                = {Progress in the Search for Extraterrestrial Life},
  Year                     = {1995},
  Organization             = {Astr. Soc. Pacific},
  Pages                    = {471},
  Volume                   = {74},

  Owner                    = {kuiper},
  Timestamp                = {2019.03.11}
}

@Article{Liszt1995,
  Title                    = {A {FITS} Binary Table Convention for Interchange of Single Dish Data in Radio Astronomy},
  Author                   = {Harvey S. Liszt},
  Journal                  = {NRAO preprint},
  Year                     = {1995},

  Owner                    = {kuiper},
  Timestamp                = {2009.04.14}
}

@Article{Lortet1994,
  Title                    = {The Second Reference Dictionary of the Nomenclature of Celestial Objects},
  Author                   = {Lortet, M.-C. and Borde, S. and Ochsenbein, F.},
  Journal                  = {Astronomy \& Astrophysics Supplement},
  Year                     = {1994},
  Pages                    = {193-218},
  Volume                   = {107},

  Owner                    = {kuiper},
  Timestamp                = {2012.08.19}
}

@Article{Lovas,
  Title                    = {Recommended Rest Frequencies for Observed Interstellar Molecular Microwave Transitions - 1985 Revision},
  Author                   = {F. J. Lovas},
  Journal                  = {Journal of Physical and Chemical Reference Data},
  Year                     = {1986},
  Number                   = {1},
  Pages                    = {251 -- 274},
  Volume                   = {15},

  Owner                    = {kuiper},
  Timestamp                = {2014.01.10}
}

@Article{Muller,
  Title                    = {The Cologne Database for Molecular Spectroscopy, {C}{D}{M}{S}},
  Author                   = {H. S. P. M{\"u}ller and S. Thorwirth and D. A. Roth and G. Winnewisser},
  Journal                  = {Astronomy and Astrophysics},
  Year                     = {2001},
  Pages                    = {L49 -- L52},
  Volume                   = {370},

  Owner                    = {kuiper},
  Timestamp                = {2014.01.10}
}

@TechReport{Manchester,
  Title                    = {DOPSET: A Computer Program to Calculate Doppler-Corrected Reference Frequencies for Spectral Line and Pulsar Observations},
  Author                   = {Manchester, R. N. and Gordon, M.},
  Institution              = {National Radio Astronomy Observatory},
  Year                     = {1970},

  Owner                    = {kuiper},
  Timestamp                = {2019.11.10}
}

@Article{Manchester2005,
  Title                    = {The Australia Telescope National Facility Pulsar Catalogue},
  Author                   = {Manchester, R. N. and Hobbs, G. B. and Teoh, A. and Hobbs, M.},
  Journal                  = {The Astronomical Journal},
  Year                     = {2005},
  Pages                    = {1993-2006},
  Volume                   = {129},

  Owner                    = {kuiper},
  Timestamp                = {2012.08.19}
}

@Article{Margot1999,
  Title                    = {The Topography of Tycho Crater},
  Author                   = {Margot, J. L. and D. Campbell and R. F. Jurgens and M. A. Slade},
  Journal                  = {J. Geoph. Res,},
  Year                     = {1999},

  Month                    = {June},
  Pages                    = {11875},
  Volume                   = {104},

  Comment                  = {The following are optional},
  Owner                    = {kuiper},
  Timestamp                = {2014.01.10}
}

@InCollection{Margot98a,
  Title                    = {The Topography of the Lunar Polar Regions from Earth-based Radar Interferometry},
  Author                   = {Margot, J. L. and D. B. Campbell and R. F. Jurgens and M. A. Slade and N. J. Stacey},
  Booktitle                = {Lunar and Planetary Science XXIX},
  Publisher                = {LPI},
  Year                     = {1998},
  Pages                    = {1845-1846},

  Comment                  = {The following are optional},
  Owner                    = {kuiper},
  Timestamp                = {2014.01.10}
}

@Article{Margot97,
  Title                    = {High Resolution Topographic Maps of the Lunar},
  Author                   = {Margot, J. L. and D. B. Campbell and R. F. Jurgens and M. A. Slade and N. J. Stacey},
  Journal                  = {Bull. Am. Astr. Soc.},
  Year                     = {1997},
  Pages                    = {986},
  Volume                   = {29},

  Comment                  = {The following are optional},
  Owner                    = {kuiper},
  Timestamp                = {2014.01.10}
}

@Article{Montebone2015,
  Title                    = {Eight-year Climatology of Dust Optical Depth on Mars},
  Author                   = {Montebone, L. and Forget, F. and Millour, E. and Wilson, R. A. and Lewis, S. R. and Cantor, B. A. and Kass, D. and Kleinb{\"{o}}l, A. and Lemmon, M. T. and Smith, M. D. and Wolf, M. J.},
  Journal                  = {Icarus},
  Year                     = {2015},
  Pages                    = {65-95},
  Volume                   = {251},

  Owner                    = {kuiper},
  Timestamp                = {2016.08.13}
}

@Article{Morrison1970,
  Title                    = {The Microwave Spectrum of Mercury},
  Author                   = {Morrison, David and Klein, Michael J.},
  Journal                  = {Astrophysical Journal},
  Year                     = {1970},
  Pages                    = {325},
  Volume                   = {160},

  Owner                    = {kuiper},
  Timestamp                = {2012.08.19}
}

@Article{Nature,
  Title                    = {Amino Acids from Ultraviolet Irradiation of Interstellar Ice Analogues},
  Author                   = {G. M. {Mu\~noz Caro} and U. J. Meierhenrich and W. A. Schutte and B. Barbier and A. {Arcones Segovia} and H. Rosenbauer and W. H.-P. Thiemann and A. Brack and J. M. Greenberg},
  Journal                  = {Nature},
  Year                     = {2002},

  Month                    = {March},
  Pages                    = {403 -- 406},
  Volume                   = {416},

  Owner                    = {kuiper},
  Timestamp                = {2014.01.10}
}

@Article{Muhleman91,
  Title                    = {Radar Images of Mars},
  Author                   = {{Muhleman}, D. O. and {Butler}, B. J. and {Grossman}, A. W. and {Slade}, M. A.},
  Journal                  = {Science},
  Year                     = {1991},
  Pages                    = {1508-1513},
  Volume                   = {253},

  Comment                  = {The following are optional},
  Owner                    = {kuiper},
  Timestamp                = {2012.07.28}
}

@Article{Newhall1983,
  Title                    = {DE 102 - A numerically integrated ephemeris of the moon and planets spanning forty-four centuries},
  Author                   = {Newhall, X. X. and Standish, E. M. and Williams, J. G.},
  Journal                  = {Astronomy and Astrophysics},
  Year                     = {1983},
  Pages                    = {150-167},
  Volume                   = {125},

  Owner                    = {kuiper},
  Timestamp                = {2012.08.19}
}

@Article{Nyquist,
  Title                    = {Thermal Agitation of Electric Charge in Conductors},
  Author                   = {H. Nyquist},
  Journal                  = {Physical Review},
  Year                     = {1928},

  Month                    = {July},
  Pages                    = {110 -- 113},
  Volume                   = {32},

  Owner                    = {kuiper},
  Timestamp                = {2014.01.10}
}

@Article{1994A&A...284..331O,
  Title                    = {{An updated list of radio flux density calibrators}},
  Author                   = {{Ott}, M. and {Witzel}, A. and {Quirrenbach}, A. and {Krichbaum}, T.~P. and {Standke}, K.~J. and {Schalinski}, C.~J. and {Hummel}, C.~A. },
  Journal                  = {\aap},
  Year                     = {1994},

  Month                    = apr,
  Pages                    = {331-339},
  Volume                   = {284},

  Adsnote                  = {Provided by the SAO/NASA Astrophysics Data System},
  Adsurl                   = {http://adsabs.harvard.edu/abs/1994A%26A...284..331O},
  Keywords                 = {Calibrating, Flux Density, Radio Emission, Spatial Distribution, Astronomical Maps, Stellar Spectra}
}

@InProceedings{2019HEAD...1711210P,
  Title                    = {{Radio and X-ray Monitoring of the Recently Reactivated Radio-Loud Magnetar PSR J1622-4950}},
  Author                   = {{Pearlman}, Aaron B. and {Cook}, Amanda and {Amsellem}, Ariel and
 {Arzoumanian}, Zaven and {Enoto}, Teruaki and {Gendreau}, Keith and
 {Horiuchi}, Shinji and {Kocz}, Jonathon and {Kuiper}, Thomas and
 {Majid}, Walid A. and {Naudet}, Charles J. and {Prince}, Thomas A.},
  Booktitle                = {AAS/High Energy Astrophysics Division},
  Year                     = {2019},
  Month                    = {Mar},
  Pages                    = {112.10},
  Series                   = {AAS/High Energy Astrophysics Division},

  Adsnote                  = {Provided by the SAO/NASA Astrophysics Data System},
  Adsurl                   = {https://ui.adsabs.harvard.edu/abs/2019HEAD...1711210P},
  Eid                      = {112.10},
  Owner                    = {kuiper},
  Timestamp                = {2019.05.14}
}

@Electronic{Pence2012,
  Title                    = {Single Dish {FITS} ({SDFITS}) Convention for Radio Astronomy Data},
  Author                   = {William D. Pence},
  HowPublished             = {http://fits.gsfc.nasa.gov/registry/sdfits.html},
  Organization             = {High Energy Astrophysics Science Archive Research Center},
  Url                      = {http://fits.gsfc.nasa.gov/registry/sdfits.html},
  Year                     = {2012},

  Owner                    = {kuiper},
  Timestamp                = {2014.05.10}
}

@Article{Peng98,
  Title                    = {Low-Mass Clumps in TMC-1: Scaling Laws in the Small-Scale Regime},
  Author                   = {{Peng}, R. and {Langer}, W. D. and {Velusamy}, T. and {Kuiper}, T. B. H. and {Levin}, S.},
  Journal                  = {\apj},
  Year                     = {1998},

  Month                    = apr,
  Pages                    = {842+},
  Volume                   = {497},

  Owner                    = {kuiper},
  Timestamp                = {2014.01.10}
}

@Article{2013ApJS..204...19P,
  Title                    = {{An Accurate Flux Density Scale from 1 to 50 GHz}},
  Author                   = {{Perley}, R.~A. and {Butler}, B.~J.},
  Journal                  = {\apjs},
  Year                     = {2013},

  Month                    = feb,
  Pages                    = {19},
  Volume                   = {204},

  Adsnote                  = {Provided by the SAO/NASA Astrophysics Data System},
  Adsurl                   = {http://adsabs.harvard.edu/abs/2013ApJS..204...19P},
  Archiveprefix            = {arXiv},
  Doi                      = {10.1088/0067-0049/204/2/19},
  Eid                      = {19},
  Eprint                   = {1211.1300},
  Keywords                 = {instrumentation: interferometers, methods: observational, radio continuum: general, techniques: interferometric},
  Primaryclass             = {astro-ph.IM}
}

@Article{Pickett,
  Title                    = {Submillimeter, Millimeter, and Microwave Spectral Line Catalog},
  Author                   = {H. M. Pickett and R. L. Poynter and E. A. Cohen and M. L. Delitsky and J. C. Pearson and H. S. P. M{\"u}ller},
  Journal                  = {Journal of Quantum Spectroscopy \& Radiation Transfer},
  Year                     = {1998},
  Pages                    = {883 -- 890},
  Volume                   = {60},

  Owner                    = {kuiper},
  Timestamp                = {2014.01.10}
}

@Article{2017ApJ...839..107P,
  Title                    = {{Characterizing the Transition from Diffuse Atomic to Dense Molecular Clouds in the Magellanic Clouds with [C II], [C I], and CO}},
  Author                   = {{Pineda}, Jorge L. and {Langer}, William D. and {Goldsmith}, Paul F. and
 {Horiuchi}, Shinji and {Kuiper}, Thomas B.~H. and {Muller}, Erik and
 {Hughes}, Annie and {Ott}, J{\"u}rgen and {Requena-Torres}, Miguel A. and
 {Velusamy}, Thangasamy and {Wong}, Tony},
  Journal                  = {\apj},
  Year                     = {2017},

  Month                    = {Apr},
  Number                   = {2},
  Pages                    = {107},
  Volume                   = {839},

  Adsnote                  = {Provided by the SAO/NASA Astrophysics Data System},
  Adsurl                   = {https://ui.adsabs.harvard.edu/abs/2017ApJ...839..107P},
  Archiveprefix            = {arXiv},
  Doi                      = {10.3847/1538-4357/aa683a},
  Eid                      = {107},
  Eprint                   = {1704.00739},
  Keywords                 = {evolution, ISM: clouds, ISM: general, ISM: structure, submillimeter: galaxies, submillimeter: ISM, Astrophysics - Astrophysics of Galaxies},
  Owner                    = {kuiper},
  Primaryclass             = {astro-ph.GA},
  Timestamp                = {2019.05.14}
}

@Article{Price2015,
  Title                    = {HDFITS: porting the FITS data model to HDF5},
  Author                   = {Price, D.C. and Barsdell, B.R., and Greenhill, L.J.},
  Journal                  = {Astronomy and Computing},
  Year                     = {2015},
  Pages                    = {212},
  Volume                   = {12},

  Owner                    = {kuiper},
  Timestamp                = {2016.08.28}
}

@Book{Ratcliffe1962,
  Title                    = {The Magneto-ionic Theory \& its Applications to the Ionosphere},
  Author                   = {J. A. Ratcliffe},
  Publisher                = {Cambridge University Press},
  Year                     = {1962},

  Owner                    = {kuiper},
  Timestamp                = {2020.02.11}
}

@Article{Rhodes2011,
  Title                    = {PyEphem: Astronomical Ephemeris for Python},
  Author                   = {Rhodes, Brandon C.},
  Journal                  = {Astrophysics Source Code Library},
  Year                     = {2011},

  Month                    = {Dec},
  Pages                    = {12014},

  Owner                    = {kuiper},
  Timestamp                = {2012.08.19}
}

@Article{Rubin1968,
  Title                    = {A Discussion of the Sizes and Excitation of H II Regions},
  Author                   = {Rubin, R.~H.},
  Journal                  = {Astroph. J.},
  Year                     = {1968},

  Month                    = oct,
  Pages                    = {391},
  Volume                   = {154},

  Adsnote                  = {Provided by the SAO/NASA Astrophysics Data System},
  Adsurl                   = {http://adsabs.harvard.edu/abs/1968ApJ...154..391R},
  Owner                    = {kuiper},
  Timestamp                = {2014.03.31}
}

@Article{Russell2007,
  Title                    = {Lightning on Venus inferred from whistler-mode waves in the ionosphere},
  Author                   = {Russell, C.T. and Zhang, T.L. and Delva, M. and et al.},
  Journal                  = {Nature},
  Year                     = {2007},
  Pages                    = {661-662},
  Volume                   = {450},

  Owner                    = {kuiper},
  Timestamp                = {2012.10.24}
}

@Article{Russell2008,
  Title                    = {Electromagnetic waves observed by Venus Express at periapsis: Detection and analysis techniques},
  Author                   = {Russell, C.T. and Zhang, T.L. and Strangeway, R.J. and Wei, H.Y. and Delva, M. and Magnes, W.},
  Journal                  = {Advances in Space Research},
  Year                     = {2008},
  Pages                    = {113-117},
  Volume                   = {41},

  Owner                    = {kuiper},
  Timestamp                = {2012.10.24}
}

@Article{Salpeter55,
  Title                    = {The Luminosity Function and Stellar Evolution},
  Author                   = {Salpeter, E. E.},
  Journal                  = {Astroph. J.},
  Year                     = {1955},
  Pages                    = {161},
  Volume                   = {121},

  Comment                  = {The following are optional},
  Owner                    = {kuiper},
  Timestamp                = {2014.01.10}
}

@Article{2019arXiv190309517S,
  Title                    = {{Probing ISM Structure in Trumpler 14 \&amp; Carina I Using The Stratospheric Terahertz Observatory 2}},
  Author                   = {{Seo}, Young Min and {Goldsmith}, Paul F. and {Walker}, Chris and
 {Hollenbach}, David J. and {Wolfire}, Mark G. and {Kulesa}, Craig and
 {Tolls}, Volker and {Bernasconi}, Pietro N. and {Kavak}, Umit and
 {van der Tak}, Floris F.~S. and {Shipman}, Russ and {Gao}, Jian Rong and
 {Tielens}, Alexander and {Burton}, Michael G. and {Yorke}, Harold and
 {Young}, Erick and {Peters}, William L. and {Young}, Abram and
 {Groppi}, Christopher and {Davis}, Kristina and {Pineda}, Jorge L. and
 {Langer}, William D. and {Kawamura}, Jonathan H. and {Stark}, Antony and
 {Melnick}, Gary and {Rebolledo}, David and {Wong}, Graeme F. and
 {Horiuchi}, Shinji and {Kuiper}, Thomas B.},
  Journal                  = {arXiv e-prints},
  Year                     = {2019},

  Month                    = {Mar},
  Pages                    = {arXiv:1903.09517},

  Adsnote                  = {Provided by the SAO/NASA Astrophysics Data System},
  Adsurl                   = {https://ui.adsabs.harvard.edu/abs/2019arXiv190309517S},
  Archiveprefix            = {arXiv},
  Eid                      = {arXiv:1903.09517},
  Eprint                   = {1903.09517},
  Keywords                 = {Astrophysics - Astrophysics of Galaxies},
  Owner                    = {kuiper},
  Primaryclass             = {astro-ph.GA},
  Timestamp                = {2019.05.14}
}

@Article{Shimabukuro1968,
  Title                    = {Brightness Temperature of the Quiet Sun at Centimeter and Millimeter Wavelengths},
  Author                   = {Shimabukuro, F.I., and Stacey, J.M.},
  Journal                  = {Astrophysical Journal},
  Year                     = {1968},
  Pages                    = {777-782},
  Volume                   = {152},

  Owner                    = {kuiper},
  Timestamp                = {2013.02.24}
}

@Article{Slade92,
  Title                    = {Mercury radar imaging: Evidence for polar ice},
  Author                   = {{Slade}, M. A. and {Butler}, B. J. and {Muhleman}, D. O.},
  Journal                  = {Science},
  Year                     = {1992},
  Pages                    = {635-640},
  Volume                   = {258},

  Comment                  = {The following are optional},
  Owner                    = {kuiper},
  Timestamp                = {2012.07.28}
}

@Article{Stelzried1987,
  Title                    = {Non-Linearity in Measurement SSystem: Evaluation Method and Application to Microwave Radiometers},
  Author                   = {C. T. Stelzried},
  Journal                  = {TDA Progress Report},
  Year                     = {1987},
  Number                   = {91},
  Pages                    = {57-66},
  Volume                   = {42},

  Owner                    = {kuiper},
  Timestamp                = {2019.03.26}
}

@Article{SS94,
  Title                    = {A multiwavelength study of star formation in the L1495E cloud in Taurus},
  Author                   = {{Strom}, K. M. and {Strom}, S. E.},
  Journal                  = {Astroph. J.},
  Year                     = {1994},
  Pages                    = {237},
  Volume                   = {424},

  Comment                  = {The following are optional},
  Owner                    = {kuiper},
  Timestamp                = {2014.01.10}
}

@Article{SSM93,
  Title                    = {Infrared luminosity functions for the young stellar population associated with the L1641 molecular cloud},
  Author                   = {{Strom}, K. M. and {Strom}, S. E. and {Merrill}, K. M},
  Journal                  = {Astroph. J.},
  Year                     = {1993},
  Pages                    = {233},
  Volume                   = {412},

  Comment                  = {The following are optional},
  Owner                    = {kuiper},
  Timestamp                = {2014.01.10}
}

@Article{Sugimoto2010,
  Title                    = {Single Dish Observations Simulator in CASAA},
  Author                   = {Kanako Sugimoto and Remy Indebetouw and Takahiro Tsutsumi},
  Journal                  = {ASP Conference Series},
  Year                     = {2010},
  Number                   = {434},
  Pages                    = {421-424},

  Owner                    = {kuiper},
  Timestamp                = {2016.12.13}
}

@Article{Ulich1980,
  Title                    = {Absolute brightness temperature measurements at 3.5-mm wavelength},
  Author                   = {Ulich, B. L. and Davis, J. H. and Rhodes, P. J. and Hollis, J. M.},
  Journal                  = {IEEE Transactions on Antennas and Propagation},
  Year                     = {1980},
  Pages                    = {367-377},
  Volume                   = {AP-28},

  Owner                    = {kuiper},
  Timestamp                = {2012.07.28}
}

@Article{Velu95,
  Title                    = {CCS Observations of the Protostellar Envelope of B335},
  Author                   = {{Velusamy}, T. and {Kuiper}, T. B. H., and {Langer}, W. D.},
  Journal                  = {\apjl},
  Year                     = {1995},

  Month                    = oct,
  Pages                    = {L75-+},
  Volume                   = {451},

  Owner                    = {kuiper},
  Timestamp                = {2014.01.10}
}

@Article{Welch1966,
  Title                    = {Observations of Jupiter, Saturn, and Mercury at 1.53 Centimeters},
  Author                   = {Welch, W. J. and Thornton, D. D. and Lohman, R.},
  Journal                  = {Astrophysical Journal},
  Year                     = {1966},
  Pages                    = {799-809},
  Volume                   = {146},

  Owner                    = {kuiper},
  Timestamp                = {2012.08.18}
}

@Article{Wells,
  Title                    = {F{I}{T}{S}: A Flexible Image Transport System},
  Author                   = {D. C. Wells and E. W. Greisen and R. H. Harten},
  Journal                  = {Astronomy and Astrophysics Supplement Series},
  Year                     = {1981},
  Pages                    = {363 -- 370},
  Volume                   = {44},

  Owner                    = {kuiper},
  Timestamp                = {2014.01.10}
}

@Article{White,
  Title                    = {A Spectral Survey of the {O}rion Nebula from 455 -- 507 {G}{H}z},
  Author                   = {G. J. White and M. Araki and J. S. Greaves and M. Ohishi and N. S. Higginbottom},
  Journal                  = {Astronomy and Astrophysics},
  Year                     = {2003},

  Month                    = {August},
  Pages                    = {589 -- 607},
  Volume                   = {407},

  Owner                    = {kuiper},
  Timestamp                = {2014.01.10}
}

@Article{1986ApJ...309L..59W,
  Title                    = {{A search for cyclotron maser radiation from substellar and planet-like companions of nearby stars}},
  Author                   = {{Winglee}, R.~M. and {Dulk}, G.~A. and {Bastian}, T.~S.},
  Journal                  = {\apjl},
  Year                     = {1986},

  Month                    = oct,
  Pages                    = {L59-L62},
  Volume                   = {309},

  Adsnote                  = {Provided by the NASA Astrophysics Data System},
  Adsurl                   = {http://adsabs.harvard.edu/cgi-bin/nph-bib_query?bibcode=1986ApJ...309L..59W&amp;db_key=AST},
  Owner                    = {kuiper},
  Timestamp                = {2014.03.31}
}

@Article{Winnewisser,
  Title                    = {Spectroscopy between the Stars},
  Author                   = {G. Winnewisser and C. Kramer},
  Journal                  = {Space Science Reviews},
  Year                     = {1999},
  Pages                    = {181 -- 202},
  Volume                   = {90},

  Owner                    = {kuiper},
  Timestamp                = {2014.01.10}
}

@Article{Yefanov1970,
  Title                    = {Observations of Jupiter, Venus, and Source 3C 293 at 2 and 8 mm Wavelengths},
  Author                   = {V.A. Yefanov and A.G. Kislyakov and I.G. Moiseyev and A.I. Naumov},
  Journal                  = {Radiofizika},
  Year                     = {1970},
  Pages                    = {219-224},
  Volume                   = {13},

  Owner                    = {kuiper},
  Timestamp                = {2012.07.28}
}

@Article{Zarka2008,
  Title                    = {Ground-Based and Space-Based Radio Observations of Planetary Lightning},
  Author                   = {Zarka, P. and Farrell, W. and Fischer, G. and Konovalenko, A.},
  Journal                  = {Space Science Review},
  Year                     = {2008},
  Pages                    = {257–269},
  Volume                   = {137},

  Owner                    = {kuiper},
  Timestamp                = {2012.10.24}
}

@Article{ZP74,
  Title                    = {Radio radiation from interstellar molecules},
  Author                   = {{Zuckerman}, B. and {Palmer}, P.},
  Journal                  = {An. Rev. Astr. \& Astroph.},
  Year                     = {1974},
  Pages                    = {279},
  Volume                   = {12},

  Comment                  = {The following are optional},
  Owner                    = {kuiper},
  Timestamp                = {2014.01.10}
}

@comment{jabref-meta: selector_keywords:}

@comment{jabref-meta: selector_journal:}

@comment{jabref-meta: selector_publisher:}

@comment{jabref-meta: selector_author:}

